@book{humphreys:coxeter,
  Author =		{James E. Humphreys},
  Title =		{Reflection Groups and Coxeter Groups},
  Publisher =	{Cambridge University Press},
  Year =		{1992},
}

@article{haas:twoa,
  author =		{R. Haas and A. G. Helmnick},
  title =		{Algorithms for Twisted Involutions in Weyl Groups},
  journal =		{Algebra Colloquium 19},
  year =		{2012},
}